<?xml version="1.0" encoding="UTF-8"?><collection xmlns="http://www.loc.gov/MARC21/slim"><record><leader>00466nam--2200121-i-4500</leader><controlfield tag="001">000029869</controlfield><controlfield tag="002">20161230</controlfield><controlfield tag="005">20161230201037</controlfield><controlfield tag="008">060222s1000------------r-----000-0-eng-d</controlfield><datafield ind1=" " ind2=" " tag="100"><subfield code="a">Loyer, Michel</subfield></datafield><datafield ind1=" " ind2=" " tag="245"><subfield code="a">Etude d`un dispositif du type radar decimetrique a comparaison de phase. application de la mesure a distance de deplacements de faibles amplitudes a evolution rapide dans le temps</subfield></datafield><datafield ind1=" " ind2=" " tag="260"><subfield code="a">Paris, La Faculte Des Sciences De L`Univ., 1962, 75p</subfield></datafield><datafield ind1=" " ind2=" " tag="852"><subfield code="a">22808</subfield></datafield></record></collection>